<?xml version="1.0" encoding="UTF-8"?><collection><record><leader>05399ntm a2200541 a 4500</leader><controlfield tag="001">006815298</controlfield><controlfield tag="003">MiAaHDL</controlfield><controlfield tag="005">20190719000000.0</controlfield><controlfield tag="006">m        d        </controlfield><controlfield tag="007">cr bn ---auaua</controlfield><controlfield tag="008">090610s18uu    xx            00| ||ara d</controlfield><datafield tag="035" ind1=" " ind2=" "><subfield code="a">(MiU)006815298</subfield></datafield><datafield tag="035" ind1=" " ind2=" "><subfield code="a">sdr-miu006815298</subfield></datafield><datafield tag="040" ind1=" " ind2=" "><subfield code="a">MiU</subfield><subfield code="c">MiU</subfield><subfield code="e">amremm</subfield></datafield><datafield tag="043" ind1=" " ind2=" "><subfield code="a">n-us-mi</subfield></datafield><datafield tag="100" ind1="1" ind2=" "><subfield code="6">880-01</subfield><subfield code="a">Ibn Nubātah, Muḥammad ibn Muḥammad,</subfield><subfield code="d">1287-1366.</subfield></datafield><datafield tag="245" ind1="1" ind2="0"><subfield code="6">880-03</subfield><subfield code="a">[Dīwān shiʻr Ibn Nubātah,</subfield><subfield code="f">19th century].</subfield></datafield><datafield tag="260" ind1=" " ind2=" "><subfield code="c">[18--].</subfield></datafield><datafield tag="300" ind1=" " ind2=" "><subfield code="a">450 leaves :</subfield><subfield code="b">paper ;</subfield><subfield code="c">284 x 200 (201 x 126) mm. bound to 296 x 217 mm.</subfield></datafield><datafield tag="500" ind1=" " ind2=" "><subfield code="a">Shelfmark: Ann Arbor, University of Michigan, Special Collections Library, Isl. Ms. 646</subfield></datafield><datafield tag="500" ind1=" " ind2=" "><subfield code="a">Origin: Lacks dated colophon ; paper and hand suggest 19th century, perhaps late 19th century.</subfield></datafield><datafield tag="500" ind1=" " ind2=" "><subfield code="a">Accompanying materials: a. Acquisitions slip from Yahuda (pp.1-2) -- b. Inventory cataloguing slip in hand of Winifred Smeaton Thomas (pp.3-4).</subfield></datafield><datafield tag="500" ind1=" " ind2=" "><subfield code="a">Former shelfmarks: From verso of front flyleaf and spine label, "IL 122" (likely supplied by Yahuda, see acquisitions slip).</subfield></datafield><datafield tag="500" ind1=" " ind2=" "><subfield code="a">Binding: Wooden boards covered in dark mahogany leather ; Western style binding ; pastedowns and flyleaves in dark green and cream mottled paper (sponge painted or faux marbled look) ; raised spine ridges ; sewn in cream thread, six stations ; stuck-on endbands ; textile bookmark (register) attached to spine at head ; overall in fairly good condition with some abrasion at board edges, etc.</subfield></datafield><datafield tag="500" ind1=" " ind2=" "><subfield code="a">Support: European wove paper ; some moisture damage and blocking.</subfield></datafield><datafield tag="500" ind1=" " ind2=" "><subfield code="a">Decoration: Written area surrounded by triple rule-border in red and blue (two innermost red rules and outermost blue rule) ; columns within the written area defined by red rules.</subfield></datafield><datafield tag="500" ind1=" " ind2=" "><subfield code="a">Script: Ruqʻah ; serifless, only very slight tilt to the left, effect of occasional words descending to baseline, letterforms mainly characteristic of ruqʻah, pointing in strokes (horizontal stroke for two dots, stroke resembling inverted comma for three dots) rather than distinct dots, somewhat freely ligatured ; rare passages in naskh (see pp.414-415).</subfield></datafield><datafield tag="500" ind1=" " ind2=" "><subfield code="a">Layout: Written mainly in 19 lines per page ; written area divided to two columns to set off poetry ; frame-ruled.</subfield></datafield><datafield tag="500" ind1=" " ind2=" "><subfield code="a">Collation: i, 45 V(450), i ; chiefly quinions ; final five leaves unruled and left blank ; quire numbering in the form of Hind-Arabic numerals accompanied by ك at the center head of the written area of the opening recto of each quire from the eighth (see p.145, 165, etc.) ; catchwords present ; pagination in pencil, Western numerals, supplied during digitization (includes inserts and eventually off by 100 pages, dropping from p.511 to p.412).</subfield></datafield><datafield tag="500" ind1=" " ind2=" "><subfield code="a">Explicit: "لا سيما مع شيء يطنطن وشيء في القرصال [؟] يبقبق"</subfield></datafield><datafield tag="500" ind1=" " ind2=" "><subfield code="a">Incipit: "وصلى الله على سيدنا محمد وعلى اله وصحبه وسلم قال الشيخ الامام العلامة وحيد دهره وفريد عصره بدر الدين محمد بن برهان الدين ابراهيم الشهير بالبدر البشتكي اسبغ الله ظلاله اما بعد الحمد لله المتفرد بالجمال [المفرد بالجلال] والصلاة والسلام على محمد جامع محاسن الكمال ... وبعد فيقول [الفقير] الى كرم مولاه الغني به عما سواه محمد بن ابراهيم بن محمد البدر البشتكي غفر الله ذنوبه وستر عيوبه هذا ديوان شعر شيخنا العلامة جمال الدين محمد بن محمد بن محمد بن حسن ابن ابي الحسن بن صالح بن يحيى بن طاهر بن محمد ابن الخطيب عبد الرحمن بن نباته المصري ... قافية الهمزة قال يمدح سيدنا محمدا صلى الله عليه وسلم وشرف ومجد وكرم شجون نحوها العشاق فاؤا ..."</subfield></datafield><datafield tag="500" ind1=" " ind2=" "><subfield code="a">Title supplied by cataloguer from preface on p.5.</subfield></datafield><datafield tag="500" ind1=" " ind2=" "><subfield code="a">Ms. codex.</subfield></datafield><datafield tag="510" ind1="4" ind2=" "><subfield code="a">Brit. Mus. Suppl.,</subfield><subfield code="c">1086</subfield></datafield><datafield tag="510" ind1="4" ind2=" "><subfield code="a">Ḥājjī Khalīfah. Kashf al-ẓunūn,</subfield><subfield code="c">iii 251, no. 5219</subfield></datafield><datafield tag="510" ind1="4" ind2=" "><subfield code="a">Brockelmann, C. GAL,</subfield><subfield code="c">II 11</subfield></datafield><datafield tag="520" ind1="8" ind2=" "><subfield code="a">Fine copy of the collected poems of Jamāl al-Dīn Muḥammad ibn Shams al-Dīn Muḥammad Ibn Nubātah al-Miṣrī (d.1366), compiled by Muḥammad ibn Ibrāhīm al-Bashtakī (d.1426 or 7) from the main collection made by the poet himself and other smaller collections.</subfield></datafield><datafield tag="538" ind1=" " ind2=" "><subfield code="a">Mode of access: Internet.</subfield></datafield><datafield tag="541" ind1=" " ind2=" "><subfield code="a">Acquired in 1926 from the bookseller Isaac Benjamin S.E. Yahuda via purchase transacted on his behalf by Abraham Shalom Yahuda (1877-1951), his younger brother.</subfield></datafield><datafield tag="546" ind1=" " ind2=" "><subfield code="a">Arabic.</subfield></datafield><datafield tag="561" ind1=" " ind2=" "><subfield code="a">Occasional marginal corrections.</subfield></datafield><datafield tag="650" ind1=" " ind2="0"><subfield code="a">Manuscripts, Arabic</subfield><subfield code="z">Michigan</subfield><subfield code="z">Ann Arbor.</subfield></datafield><datafield tag="650" ind1=" " ind2="0"><subfield code="a">Arabic poetry</subfield><subfield code="y">750-1258.</subfield></datafield><datafield tag="700" ind1="1" ind2=" "><subfield code="6">880-04</subfield><subfield code="a">Bashtakī, Muḥammad ibn Ibrāhīm,</subfield><subfield code="d">d. 1426 or 7,</subfield><subfield code="e">compiler.</subfield></datafield><datafield tag="773" ind1="0" ind2=" "><subfield code="a">Yahuda Collection.</subfield></datafield><datafield tag="880" ind1="1" ind2=" "><subfield code="6">700-04/</subfield><subfield code="a">بشتكي، محمد بن ابراهيم,</subfield><subfield code="e">مصنف.</subfield></datafield><datafield tag="880" ind1="1" ind2="0"><subfield code="6">245-03/</subfield><subfield code="a">[ديوان شعر ابن نباته,</subfield><subfield code="f">القرن 19م].</subfield></datafield><datafield tag="880" ind1="1" ind2=" "><subfield code="6">100-01/</subfield><subfield code="a">ابن نباته، محمد بن محمد.</subfield></datafield><datafield tag="CID" ind1=" " ind2=" "><subfield code="a">006815298</subfield></datafield><datafield tag="DAT" ind1="0" ind2=" "><subfield code="a">20190719102639.0</subfield><subfield code="b">20190719000000.0</subfield></datafield><datafield tag="DAT" ind1="1" ind2=" "><subfield code="a">20190719090653.0</subfield><subfield code="b">2019-07-19T16:12:04Z</subfield></datafield><datafield tag="DAT" ind1="2" ind2=" "><subfield code="a">2015-10-10T18:00:06Z</subfield></datafield><datafield tag="CAT" ind1=" " ind2=" "><subfield code="a">SDR-MIU</subfield><subfield code="d">EX LIBRIS - ALEPH</subfield><subfield code="l">prepare.pl-004-008</subfield></datafield><datafield tag="FMT" ind1=" " ind2=" "><subfield code="a">BK</subfield></datafield><datafield tag="HOL" ind1=" " ind2=" "><subfield code="0">sdr-miu006815298</subfield><subfield code="a">MiU</subfield><subfield code="b">SDR</subfield><subfield code="c">MIU</subfield><subfield code="p">mdp.39015079129378</subfield><subfield code="s">MIU</subfield><subfield code="1">006815298</subfield></datafield><datafield tag="974" ind1=" " ind2=" "><subfield code="b">MIU</subfield><subfield code="c">MIU</subfield><subfield code="d">20190719</subfield><subfield code="s">lit-dlps-dc</subfield><subfield code="u">mdp.39015079129378</subfield><subfield code="y">1899</subfield><subfield code="r">pd</subfield><subfield code="q">exp</subfield></datafield></record></collection>